2892 4767
538 466 585 530 De
613 446 838 548 pronominibus.
1117 454 1191 528 179

182 622 350 726 quoniam
390 625 523 702 formae
556 623 772 700 Nominativi
809 632 860 713 m!-
888 642 970 699 nota
1002 654 1100 701 casus
1129 635 1188 703 ln·

180 741 415 818 strumentalis
430 735 432 738 ’
447 740 527 822 addi
551 770 624 817 non
651 742 782 844 potuit,
816 733 857 817 et
881 774 919 808 m-
948 771 1016 846 pro
1050 744 1186 846 Copula

178 876 380 962 usurpatur.
432 868 473 936 ln
506 888 656 936 numero
689 858 816 962 plurali
847 858 966 937 literae
997 859 1135 936 radicali
1166 894 1185 925 n

176 976 213 1051 in
239 1009 271 1073 tp
303 976 492 1081 productae
524 1006 669 1053 casuum
700 978 961 1053 terminationes
993 975 1184 1056 adnectun-

175 1111 251 1172 tur:
283 1097 359 1188 ivn,
391 1099 459 1190 ¹229,
491 1098 561 1188 ’ἶνα
593 1094 654 1171 sed
696 1091 820 1170 ethic
852 1079 1020 1171 numerus
1050 1104 1183 1171 Instru-

174 1211 316 1287 mentali
354 1230 462 1302 caret,
499 1228 535 1286 et
566 1213 679 1288 sorma
711 1219 829 1302 nerle,
869 1241 961 1315 quae
993 1215 1181 1317 profertur,

173 1328 294 1405 itidem
320 1346 426 1433 atque
451 1328 594 1420 uertat
620 1336 822 1404 Pronomen
849 1361 885 1421 “t
907 1329 1091 1406 reserenda
1117 1346 1178 1405 est

246 1453 365 1523 Exstat
397 1464 576 1550 praeterea
616 1447 758 1523 tertium
798 1475 943 1549 quoqne
968 1454 1177 1553 {Pronomen

171 1565 457 1669 interrogativum
484 1567 564 1656 [¹⁴72
584 1596 630 1631 =
663 1567 796 1670 qurill,
828 1563 926 1667 quod
960 1593 1041 1641 cum
1064 1568 1099 1657 l?
1120 1594 1178 1639 co·

170 1701 315 1789 gnatum
341 1700 375 1757 et
401 1682 514 1756 omnis
535 1682 691 1759 flexionis
717 1710 840 1785 expers
867 1699 927 1758 est
955 1684 1177 1786 ‘Reperiun

168 1817 228 1876 tur
252 1799 359 1875 modo
385 1799 519 1875 formae
545 1829 626 1874 cum
651 1800 818 1875 Praefiris
843 1803 944 1891 [Q
958 1803 1059 1892 ff&

246 1918 277 2013 ἓ.
304 1921 339 1990 6.
363 1921 456 1991 Cum
489 1915 762 1990 Pronominibus
795 1916 1049 2016 interrogativis
1077 1917 1178 1991 Pro-

169 2059 308 2107 nomen
340 2033 532 2108 relatrbnm
570 2032 758 2109 arctissime
792 2031 971 2124 cohaeret,
1001 2049 1108 2137 atque
1138 2034 1186 2109 inf

166 2149 287 2252 lingua
319 2151 513 2225 armeniaca
546 2148 672 2225 eodem
698 2147 822 2239 modo,
854 2180 928 2253 quo
958 2151 1175 2227 Pronomina
1208 2155 1211 2162 ’

166 2268 358 2370 possessiva
390 2298 410 2343 a
436 2267 686 2370 personalibus,
717 2268 787 2343 hoc
812 2270 1014 2342 Pronomen
1047 2267 1090 2343 ab
1122 2270 1173 2343 in·
1208 2275 1210 2280 ’

165 2386 375 2490 terrogativo
402 2383 582 2462 formatur.
634 2373 818 2462 Genitivus
843 2384 937 2460 enim
963 2387 1020 2478 πῦρ
1037 2385 1173 2462 Prono·

166 2503 267 2578 minis
292 2507 323 2568 Ῥ
343 2504 380 2577 in
408 2504 557 2578 sormam
583 2503 780 2578 breviorem
806 2503 893 2598 apl)
925 2518 1082 2577 mutatus
1106 2520 1171 2576 sta·

161 2621 228 2695 tim
258 2651 328 2725 pro
348 2622 574 2698 Nominativo
599 2620 827 2694 Prunominis
862 2617 992 2695 relativi
1024 2647 1171 2722 usurpa·

163 2756 235 2829 tur,
269 2739 369 2839 cujus
400 2759 568 2841 tanquam
602 2735 746 2812 derivati
779 2736 880 2811 flexio
910 2765 996 2811 cum
1022 2737 1170 2811 llexioue

162 2857 417 2932 Pronominum
454 2856 728 2959 possessivorum
761 2849 903 2957 prorsus
935 2845 1118 2931 consentit.

239 2973 270 3067 ἓ.
299 2977 331 3048 7.
355 2976 596 3049 Pronomina
620 2973 816 3074 rutlefinr'ta
847 2970 968 3047 itidem
994 2991 1034 3048 ut
1055 2971 1168 3047 relati-

161 3118 248 3166 vum
282 3089 325 3164 ab
350 3090 603 3194 interrogativis
629 3083 860 3179 descendunt,
890 3106 996 3191 atque
1029 3106 1091 3164 aut
1124 3089 1168 3164 ab

88 3285 91 3293 ,
159 3206 215 3281 his
241 3235 312 3281 non
340 3206 490 3298 diversa,
513 3227 553 3284 ut
577 3215 795 3284 Graecorum
822 3213 873 3290 τὶς
899 3223 933 3281 et
958 3214 1018 3292 τίς,
1042 3212 1167 3282 eadem

159 3311 233 3400 sine
265 3324 533 3427 interrogatione
566 3324 734 3411 reddunt,
766 3340 826 3399 aut
855 3353 919 3427 per
952 3322 1166 3400 additionem

158 3441 337 3518 literarum
361 3443 622 3518 formativarum
649 3443 857 3517 formantur.
908 3441 1040 3516 Prioris
1063 3472 1166 3545 gene·

158 3561 205 3635 ris
239 3577 291 3636 est
318 3564 390 3653 μζ,
423 3560 519 3664 qnod
554 3577 646 3636 extra
681 3558 988 3661 interrogationem
1014 3560 1165 3660 positum

158 3679 329 3781 significat
352 3677 541 3783 ,mhipurffl
568 3695 673 3780 atque
701 3675 822 3780 itidem
856 3676 1012 3752 flexionis
1043 3707 1165 3781 expers
1196 3670 1198 3674 ⁵

233 3961 262 4040 *)
286 3966 402 4026 Nomen
433 3963 634 4027 substantivum
661 3965 700 4051 [tp
716 3990 761 4025 =
787 3984 849 4034 rer,
880 3961 977 4024 eodem
1013 3962 1124 4024 ratione
1150 3983 1167 4023 a

157 4056 332 4121 Pronomine
349 4058 554 4143 interrogativo
564 4047 603 4136 l?
617 4057 767 4123 derivatur.

884 4161 963 4233 23*
1082 4169 1087 4180 ’
