2892 4767
585 489 632 550 De
650 489 774 551 nomine.
980 432 982 437 Ι
1108 465 1182 540 143

180 645 256 746 prio
273 640 511 720 'declinationi
549 638 828 721 adnumeranda
849 661 941 721 sunt.
1002 646 1094 721 Nam
1129 639 1182 716 di·

179 764 366 867 phthongo
398 765 469 840 sive
501 764 730 868 triphthongo
755 769 818 858 hup
843 764 878 839 in
897 760 927 837 'k
951 764 1083 837 mutati
1108 777 1177 834 ter·

111 975 115 983 .
180 880 413 970 minationem·
427 888 448 973 l·
474 911 538 985 per
570 911 692 958 omnes
731 911 830 958 casus
862 881 1025 982 obliquos
1056 876 1184 954 utrius·¹

182 1027 254 1100 que
292 1000 445 1075 numeri
471 999 579 1077 multa
618 1029 742 1076 eorum
775 999 968 1102 accipiunt3
1000 995 1065 1073 alia
1097 1024 1182 1071 vero

181 1115 278 1191 haud
310 1146 422 1221 pauca
435 1102 489 1193 ‘in
523 1146 672 1193 numero
699 1117 823 1221 plurali
850 1116 1119 1222 triphthongum
1144 1112 1184 1187 il·

179 1233 263 1308 lam·
288 1237 454 1327 retinent,
492 1264 554 1310 seu
586 1236 622 1309 in
655 1234 914 1339 diphthongum
946 1242 996 1299 lm
1027 1259 1185 1308 commu·

179 1370 279 1443 tantp
317 1354 382 1430 alia
428 1352 582 1455 denique
626 1371 815 1456 utramque
858 1349 1043 1427 flexionem
1082 1347 1185 1425 adsu-

182 1489 285 1546 munt
299 1474 333 1564 *)
350 1462 403 1547 tf·
420 1477 636 1567 iniuriae
653 1477 741 1549 Gen.
759 1474 944 1565 torrenta
966 1512 1010 1526 -
1034 1469 1183 1561 <ntur-

178 1591 291 1682 ΜΨ
308 1595 399 1665 Gen.
422 1592 654 1685 ‘imolwdbfflaa
679 1608 714 1666 et
735 1592 950 1684 <maledieo
964 1627 1015 1643 -
1034 1591 1186 1679 wattun

183 1714 273 1784 Gen.
299 1712 440 1801 wilram
466 1726 500 1784 et
525 1712 645 1803 wdiblvn
668 1752 713 1765 -
738 1726 854 1811 atque,
877 1736 968 1811 quae
984 1705 1185 1808 triphthon-

185 1855 269 1929 gum
295 1827 464 1914 retinent,
487 1821 568 1919 bum
593 1829 629 1900 in
656 1833 745 1900 Gen.
771 1826 866 1900 Plur.
894 1824 1093 1899 scribuntur
1117 1851 1186 1924 pro

185 1947 294 2034 tuto
319 1960 360 2017 ut
377 1971 397 2017 e
414 1972 499 2019 voce
524 1974 692 2035 murrae
717 1949 806 2017 Gen.
832 1944 1009 2034 newton
1034 1957 1070 2013 et
1086 1971 1184 2031 aq...

184 2091 265 2152 quw
297 2059 420 2135 elucet.
472 2058 558 2146 sed,
596 2090 708 2162 quum
741 2059 884 2151 literad
916 2087 981 2132 sec.
1014 2085 1092 2160 pag.
1122 2060 1185 2132 31.

185 2194 241 2278 sq.
264 2175 373 2250 serius
401 2175 545 2252 sonasse
571 2207 642 2253 non
668 2178 759 2252 clare
785 2174 1093 2279 pronunciabatur,
1120 2202 1185 2276 pro

184 2293 415 2397 triphthongo
433 2297 495 2387 Imp
511 2293 753 2398 diphthongus
777 2300 826 2358 lrw
852 2292 947 2368 haud
965 2320 1044 2367 raro
1061 2291 1187 2393 scripta

187 2427 253 2497 est,
286 2411 381 2486 unde
413 2412 544 2488 sactum
580 2430 661 2500 est,¹
687 2430 728 2487 ut
759 2413 846 2489 haec
880 2412 1022 2485 nomina
1054 2410 1187 2512 primae

188 2525 436 2603 declinationis·
449 2530 600 2632 speciem
618 2560 659 2631 ae
682 2531 866 2604 flexionem
885 2558 969 2632 prae
987 2557 1024 2602 se
1042 2528 1165 2602 lerant.

372 2812 375 2823 ι
464 2742 701 2799 aucmento
736 2742 914 2799 SEPTIMA.

519 2926 523 2935 .
551 2865 662 2941 Char.
688 2899 714 2930 or
741 2883 787 2941 el.
800 2898 828 2931 ν·

264 2997 459 3073 Declinatio
485 3001 631 3102 septima
658 3030 770 3102 eaque
788 3000 916 3077 'ultima
934 2997 1188 3073 nominacom-

193 3181 385 3195 m

265 3290 291 3363 ⁴)
311 3290 340 3350 A
368 3310 441 3352 voce
469 3287 684 3378 proplawplurp
712 3260 849 3369 repetilur
879 3310 992 3372 quoque
1018 3289 1102 3349 tertia
1131 3287 1190 3350 sive
1226 3314 1230 3324 ·

120 3456 124 3469 ἱ
189 3393 286 3463 quarta
305 3382 436 3445 flectendi
445 3384 525 3457 ratio,
545 3405 629 3463 quum
641 3395 670 3442 et
690 3382 798 3443 formae
816 3380 1019 3475 pntqjtarogend
1039 3396 1068 3443 et
1086 3411 1189 3469 ιμυι.

185 3466 292 3560 impp
312 3474 354 3533 in'
367 3475 442 3536 Gen.
468 3476 548 3558 Sing.
569 3475 751 3556 reperiantur.
790 3479 847 3536 Eae
874 3477 986 3558 quidem
1011 3501 1027 3539 a
1045 3478 1190 3538 Nominat.

189 3585 362 3674 pnaitafflp
381 3585 516 3645 oriundae
535 3582 679 3656 videntum
702 3597 887 3645 veruntamen
898 3632 900 3639 ,
911 3607 970 3648 oon
989 3589 1125 3648 absonum
1146 3584 1190 3647 ea-

190 3694 243 3759 ret,
262 3683 292 3741 in
311 3680 354 3740 his
373 3676 471 3739 formis
495 3676 642 3737 transitum
662 3676 854 3739 declinationis
877 3691 972 3741 sextae
996 3681 1025 3741 in
1043 3679 1190 3761 septimam

191 3786 328 3848 statuere,
354 3792 437 3850 quum
462 3791 540 3830 casus
568 3769 677 3849 obliqui
695 3770 805 3830 numeri
824 3769 935 3852 pluralis
953 3772 982 3834 in
1002 3777 1119 3853 utraque
1140 3774 1190 3834 de-

191 3866 342 3928 clinatione
360 3861 588 3922 terminationem
608 3861 685 3947 hrop,
711 3860 806 3948 hung
825 3885 875 3925 sen
894 3863 962 3950 Imp
989 3867 1123 3939 habeant,
1148 3876 1191 3925 at-

192 3979 246 4039 que
264 3959 303 4018 ita
322 3955 435 4017 nomina
452 3967 546 4016 sextae
566 3977 631 4016 cum
656 3957 817 4020 nominihus
838 3959 973 4040 septimae
1000 3958 1206 4023 declinationis¹

192 4050 322 4111 facillime
338 4047 472 4110 conlundi
490 4060 631 4129 poterant.
