2892 4767
441 739 954 905 bnanrnrlu

190 1044 353 1162 Saeculo
381 1098 519 1170 nostro,
553 1109 626 1184 quo
658 1082 799 1187 linguae
833 1082 908 1159 iere
934 1111 1074 1171 omnes,
1107 1108 1211 1190 quae

189 1199 367 1274 literaturd
399 1197 517 1299 aliqud
547 1195 717 1300 gaudent,
759 1228 842 1276 suos
873 1199 1006 1274 babent
1037 1198 1197 1284 cultores,
1266 1269 1268 1272 ,

190 1317 387 1390 armeniaca
412 1315 530 1417 lingua
556 1344 670 1417 paene
695 1315 855 1419 neglecta
880 1316 1056 1402 remansit.
1108 1319 1198 1390 Cau·

189 1460 247 1507 sae
289 1430 398 1529 hujus
436 1430 487 1505 rei
525 1431 563 1508 in
603 1449 749 1533 promtu
785 1451 875 1508 sunt.
928 1437 1021 1509 Nam
1059 1448 1198 1534 praeter

190 1547 391 1649 Scripturae
418 1575 534 1623 sacrae
551 1549 758 1637 versionem,
784 1566 818 1625 et
835 1548 946 1624 Musis
963 1548 1197 1624 Chorenensis

190 1691 297 1765 opera
328 1663 533 1739 historicum
570 1683 606 1740 et
629 1665 906 1768 geographicum
938 1663 1026 1739 nihil
1052 1665 1127 1740 fere
1153 1661 1198 1741 ad

189 1778 426 1882 cognitionem
453 1798 609 1856 nostram
634 1801 860 1883 pervenerat,
894 1798 1002 1884 atque
1028 1779 1198 1857 editiones

189 1895 268 1974 illae
284 1898 425 1970 Uscanii
443 1897 549 1969 altera
571 1913 606 1970 et
631 1895 738 1968 altera
753 1897 1059 1983 Whistoniorum,
1085 1924 1197 1996 quum

190 2013 308 2087 critico
350 2009 583 2086 fundamento
624 2007 839 2110 indigerent,
873 2038 994 2085 ansam
1028 2009 1199 2084 dederant

188 2126 446 2230 praejudicatae
472 2125 641 2227 opinioni,
667 2154 707 2200 ex
734 2154 806 2228 qua
822 2124 930 2201 libros
947 2126 1198 2202 Armeniorum

188 2243 319 2320 nullius
344 2243 418 2317 iere
436 2243 547 2346 frugis
565 2270 640 2317 esse
666 2239 709 2316 ad
736 2270 850 2317 unum
876 2270 998 2318 omnes
1016 2243 1196 2344 putabant,

188 2377 232 2446 ot,
258 2357 358 2462 quod
383 2357 556 2436 editorum
588 2357 713 2459 culpae
739 2356 1082 2452 tribuendumerat,
1113 2358 1197 2462 ipsis

187 2476 283 2551 libris
309 2475 518 2552 tribuebant.
569 2478 648 2551 Nec
673 2491 836 2576 poterant
861 2475 924 2552 viri
942 2473 1130 2550 doctissimi
1156 2503 1197 2550 ac

189 2591 423 2681 celeberrimi,
458 2589 579 2694 quales
611 2609 710 2668 erant
743 2587 942 2667 Schroeder
971 2590 1069 2667 Pros.
1102 2596 1198 2666 Mar·

187 2709 386 2811 burgensis,
414 2726 448 2783 et
472 2708 506 2783 la
531 2712 641 2782 Croze
672 2706 957 2784 bibliothecarius
983 2734 1054 2810 reg.
1081 2707 1196 2782 Berol.
1233 2708 1242 2717 ’

188 2825 311 2902 orbem
336 2825 526 2900 literarium
553 2852 596 2899 eo
623 2822 837 2926 perducere,
862 2842 901 2901 ut
924 2823 1054 2922 justam
1081 2841 1115 2898 et
1140 2852 1197 2899 ae-

190 2967 298 3042 quam
331 2940 375 3014 de
407 2941 514 3014 literis
544 2942 798 3018 Armeniorum
833 2942 1039 3017 sententiam
1078 2941 1196 3032 ferret,

189 3083 387 3157 eorumque
419 3055 527 3129 libros
560 3056 719 3131 classicos
753 3086 773 3131 e
798 3056 1090 3132 bibliothecarum
1116 3058 1197 3130 scri-

189 3173 254 3247 niis
278 3173 315 3246 iu
341 3171 457 3247 lucem
474 3172 703 3273 protraheret
756 3170 879 3277 Inclyti
902 3167 1044 3247 tandem
1062 3172 1196 3248 Mechi·
1234 3231 1239 3238 .

187 3289 269 3364 taris
301 3287 462 3388 discipuli
495 3287 626 3366 criticas
663 3285 833 3365 editiones
847 3327 849 3330 ·
863 3304 1048 3390 pararunt,
1089 3305 1196 3388 atque

190 3403 313 3480 additis
338 3402 557 3478 versionibus
581 3405 695 3480 latinis
712 3424 848 3509 partem
873 3404 1045 3480 librorum
1069 3404 1196 3478 nostris

189 3521 292 3596 etiam
331 3520 411 3595 viris
452 3519 562 3595 doctis
603 3520 881 3620 cognoscendam
923 3537 1194 3621 proposuerunt.
1275 3567 1281 3576 ·

188 3641 429 3711 Veruntamen
461 3636 522 3711 diu
548 3635 665 3712 adbuc
690 3639 727 3712 hi
746 3636 824 3713 libri
848 3635 1037 3723 latuerunt,
1062 3654 1105 3722 et,
1132 3636 1194 3737 qui

187 3751 242 3826 bis
258 3752 400 3853 impulsi
424 3753 564 3855 linguae
590 3769 626 3828 et
651 3753 758 3828 literis
774 3752 1022 3829 Armeniorum
1049 3781 1194 3854 operam

187 3895 285 3943 suem
310 3887 487 3959 navarent,
511 3888 752 3972 apparuerunt
766 3883 934 3972 tanquam
960 3871 1046 3959 „rari
1072 3888 1195 3946 nantes

185 3985 222 4058 in
240 3987 375 4090 gurgite
392 3985 516 4068 vasto.''
567 3992 658 4064 Nam
685 3988 805 4089 paucis
822 4004 958 4063 tantum
976 3989 1128 4089 contigit,
1154 4004 1195 4060 ut
