2892 4767
583 617 837 691 „CAPUT
879 621 922 690 n.
1017 657 1021 666 ,
1063 623 1079 690 ,’

520 744 579 832 ua
602 745 1019 803 auonuncmrmna.

266 889 270 896 ‘
340 897 374 960 a,
400 867 671 944 Consonontes.

237 1001 242 1011 “
272 1014 293 1034 ·’
339 973 512 1066 Dedimus
544 1013 649 1089 supra
683 985 724 1061 in
751 979 881 1062 'rabula
913 976 1090 1090 alphabeti
1115 1016 1272 1090 pronun·

267 1107 467 1195 eiationem,
513 1123 620 1208 quam
658 1104 702 1180 ab
740 1105 914 1183 Armeniis
949 1106 1033 1207 ipsis
1071 1103 1272 1182 didicimus.

265 1222 351 1311 Sed,
378 1222 677 1326 quemadmodum
706 1222 752 1300 de
780 1243 924 1327 graecae
948 1215 1087 1326 liuguae
1110 1251 1273 1327 pronun-

264 1343 413 1437 ciatione
444 1341 562 1418 adhuc
587 1341 776 1430 dubitatur,
799 1343 846 1418 ita
869 1359 906 1418 'et
931 1340 976 1416 de
1004 1342 1133 1444 tingue·
1147 1349 1271 1419 Arme·

157 1556 161 1564 .
264 1461 404 1537 niorum
438 1487 511 1536 non
551 1461 625 1537 si'ne
661 1461 741 1561 jure
766 1460 862 1536 litem
895 1488 1038 1536 movere
1071 1489 1267 1564 possumus.

262 1578 341 1655 Atia
366 1580 471 1669 enim,
495 1597 668 1683 quantum
694 1578 858 1681 equidem
879 1578 992 1661 video,
1018 1579 1085 1654 suit
1109 1598 1269 1655 veterum

261 1697 511 1778 Armeniorum
547 1698 584 1772 in
622 1696 730 1772 literis
761 1695 973 1798 quibusdam
1014 1699 1269 1798 pronunciatio,

261 1815 326 1890 alia
354 1832 406 1890 est
430 1816 683 1906 recentiorum3
710 1833 832 1918 atque,
856 1837 979 1918 quum
995 1815 1054 1889 hta
1080 1813 1268 1905 devetari,

260 1953 332 2008 non
359 1933 405 2008 de
430 1933 614 2009 recentiori
636 1933 754 2036 linguai
781 1951 913 2036 agatur,
938 1927 1270 2036 veterum'quoque
1328 1947 1332 1956 ‘
1428 2033 1432 2050 1

253 2052 589 2155 pronunciationem
635 2050 913 2150 praeferendam
949 2071 1024 2164 esse
1071 2079 1265 2127 censemus.

258 2176 474 2271 Argumenta
508 2196 609 2255 vero,
635 2166 985 2268 quihus-innitentes
1010 2168 1108 2242 ,hanc
1138 2168 1266 2244 discre-

258 2287 412 2389 pantiam
444 2285 594 2387 probare
627 2283 825 2372 studemus,
860 2302 941 2359 sunt
974 2287 1048 2361 sere
1075 2287 1178 2361 haec:
1232 2293 1270 2376 l,·

257 2405 436 2507 Scriptura
473 2403 657 2477 nominum
690 2395 968 2480 armeniacorum
1002 2397 1098 2507 apud
1130 2422 1264 2482 veteres

258 2529 411 2600 Graecos
427 2538 461 2597 et
476 2527 673 2611 Romanos,
696 2524 740 2607 2,
766 2513 943 2624 Scriptura
963 2524 1146 2599 nominum
1166 2549 1266 2627 grae*

180 2671 183 2674 ·
257 2667 379 2715 corum
393 2657 427 2714 et
439 2639 627 2715 latinorum
642 2639 737 2744 apud
752 2640 937 2715 Armenios
950 2658 1094 2727 veteres,
1111 2646 1149 2718 3.
1164 2640 1265 2717 Ordo

255 2759 482 2836 Hterarumin
498 2759 686 2860 alphabeto
711 2759 919 2844 armeniano,
946 2761 1007 2858 qui
1032 2788 1112 2834 cum
1139 2759 1263 2834 ordine

156 2899 160 2908 '
256 2876 368 2978 graeci
397 2875 572 2977 alphabeti
600 2906 640 2951 ex
671 2877 781 2980 ipsius
806 2877 963 2978 Mesropi
989 2876 1132 2951 consilio
1158 2877 1266 2981 plane

255 2994 432 3097 congruit,
467 2997 509 3084 4,
534 2993 672 3070 indicia
702 2992 894 3098 quaedam,
934 3023 1026 3097 quae
1058 2996 1186 3098 partim
1220 3026 1260 3070 ex

252 3112 327 3214 ipsd
358 3111 511 3214 linguas
532 3114 659 3216 partim
697 3142 738 3188 ex
770 3114 1003 3188 Grammatica
1040 3111 1097 3188 illd
1129 3114 1263 3217 Diony*

253 3230 358 3316 sianfi,
383 3247 551 3333 tanquam
577 3227 825 3333 antiquissimo*
843 3231 1041 3305 testimonio
1067 3230 1263 3335 depromsia
1353 3331 1356 3338 Ι

253 3377 345 3424 mus.
396 3354 446 3454 At
474 3377 598 3424 causae
630 3349 738 3447 hujus
770 3349 1002 3452 corruptionis
1027 3379 1099 3424 non
1125 3368 1196 3424 tam
1221 3351 1257 3426 in

251 3466 359 3569 longo
397 3484 597 3570 temporum
621 3465 773 3543 decursu
805 3496 911 3569 quam
942 3466 976 3541 in
1014 3466 1156 3543 adversa
1187 3468 1257 3543 sor·

251 3589 355 3669 tund,
390 3602 496 3688 atque
527 3579 630 3661 variis
655 3615 774 3661 rerum
793 3583 1103 3674 vicissitudinibus,
1127 3586 1260 3689 quibus

250 3703 407 3779 Armenii
426 3704 522 3777 omni
549 3722 708 3806 tempore
735 3703 883 3802 subjecti
902 3720 1009 3789 erant,
1035 3704 1257 3805 quaerendae

251 3837 345 3896 sunt.
397 3825 489 3897 Nam
531 3839 669 3922 praeter
699 3828 823 3897 Persas
856 3838 890 3894 et
922 3827 1094 3912 Graecos,
1124 3823 1307 3922 Arabes*

251 3967 397 4042 quoque
431 3956 465 4012 et
490 3938 614 4041 populi
654 3939 805 4014 Tatarici
834 3967 981 4041 regnum
1006 3941 1255 4015 Armeniorum

188 4101 194 4112 ·
250 4073 463 4145 ever-terunt,
489 4076 595 4161 atque
614 4058 738 4135 Franci
758 4058 908 4133 multum
926 4088 1008 4134 eum
1026 4088 1119 4134 novo
1144 4086 1255 4161 regno
