2892 4767
462 636 556 724 121
586 633 699 723 ΒΕ
730 634 776 722 lt
832 636 933 753 ΙΙ.χ1

403 784 460 848 nr
483 778 697 843 murreus
719 764 960 843 ornaturus

254 910 468 1009 Priusquam
502 910 544 986 ad
578 911 670 1015 ipsas
702 908 867 987 orationis
897 906 1013 1015 partes
1045 938 1180 986 earum-

181 1058 250 1133 que
275 1028 459 1104 flexionem
486 1058 688 1133 pergamus,
719 1059 830 1134 pauca
862 1028 921 1105 htc
955 1028 999 1104 de
1031 1030 1180 1131 linguae

180 1146 365 1222 radicibus
382 1143 546 1222 videntur
567 1178 641 1223 esse
667 1147 938 1252 praemonenda.
986 1153 1061 1225 Hae
1086 1144 1181 1222 enim

179 1283 259 1343 sunt
291 1266 463 1368 primitiva
502 1296 628 1342 vocum
667 1266 856 1354 elementa,
891 1297 911 1342 a
947 1264 1075 1371 quibus
1107 1282 1179 1338 tam

178 1380 283 1459 verba
309 1400 344 1458 et
369 1383 529 1471 nomina,
556 1411 662 1487 quam
693 1384 904 1488 pronomina
930 1401 965 1460 et
989 1381 1178 1489 particulae

180 1501 349 1605 originem
388 1499 532 1579 ducunt
583 1513 627 1580 In
660 1500 784 1639 ‘lingua
825 1500 1035 1611 armeniaca,
1072 1517 1113 1576 ut
1143 1499 1182 1574 in

179 1619 251 1695 aliis
277 1619 402 1722 linguis
428 1650 508 1695 cum
542 1622 703 1699 sanscrita
733 1616 902 1724 cognatis,
934 1618 1025 1695 duae
1061 1646 1182 1693 earum

179 1736 303 1819 classes
329 1724 590 1815 constituendae
622 1756 723 1828 sunt,
751 1766 901 1843 quarum
934 1737 1038 1813 altera
1065 1734 1181 1812 nomi·

179 1887 266 1932 num
300 1878 333 1931 et
365 1857 571 1943 verborum,
606 1844 712 1932 altera
745 1887 829 1932 vero
863 1857 1113 1959 pronominum
1147 1832 1182 1929 et

180 1964 438 2076 particularum,
465 2004 554 2078 quae
581 1972 756 2061 dicuntur,
783 1974 1085 2078 originem‘atque
1112 1970 1182 2045 ele'*

181 2110 296 2167 menta
328 2092 363 2166 in
397 2121 433 2167 se
474 2098 643 2169 continet.
702 2092 817 2169 Multa
856 2089 1000 2195 quidem
1039 2090 1183 2165 nomina

121 2292 124 2301 ‚
180 2210 215 2286 in
249 2211 363 2312 primo
397 2238 496 2300 casu,
543 2240 583 2287 ac
623 2208 778 2317 singulae
810 2240 955 2313 quoque
993 2208 1183 2292 verborum

181 2327 314 2402 formae
347 2327 452 2403 literis
486 2346 621 2403 tantum
655 2326 860 2405 radicalibus
887 2344 1064 2413 coustant,
1090 2355 1120 2402 e
1147 2342 1183 2429 'g

179 2452 271 2537 prinpal,
298 2436 702 2580 pp‘1i‚prrp‚[npmmurru,5mb,
728 2451 785 2528 aab
811 2424 979 2543 urnfflrip,
1005 2449 1087 2549 lippi·
1114 2440 1185 2531 sed,

117 2646 122 2653 ‚
179 2594 291 2666 quum
317 2564 387 2662 jam
414 2580 543 2641 certam
570 2560 748 2669 quandam
778 2563 944 2639 orationis
969 2581 1103 2666 partem
1131 2556 1183 2635 in·
1204 2610 1206 2615 ν

179 2678 313 2768 dicent,
348 2711 413 2786 pro
447 2680 530 2787 ipsis
564 2679 740 2757 radicibus
774 2679 904 2787 baberi
929 2710 1000 2756 non
1028 2696 1184 2793 possunt

179 2798 270 2875 Alibi
295 2830 378 2875 vero
405 2798 549 2876 eaedem
576 2801 711 2876 formae
745 2776 872 2875 vocalis
904 2817 998 2875 certe
1024 2780 1183 2903 radicalis

178 2906 406 2990 mutationem
439 2918 637 3005 subierunt,
663 2908 962 3033 quemadmodum
997 2920 1071 3010 obp,
1097 2918 1179 3015 pp‘bt

178 3037 258 3127 lupo,
279 3036 360 3125 gill,
386 3035 450 3126 lg,
477 3051 581 3141 atque
606 3035 675 3134 jam
698 3037 789 3111 hanc
814 3037 860 3111 ob
888 3065 1028 3110 causam
1052 3063 1074 3106 a
1101 3060 1185 3157 serp

179 3151 296 3227 radice
323 3148 475 3257 diversae
503 3171 593 3229 suut.
919 3172 921 3179 ’

255 3278 295 3345 ln
329 3272 521 3345 armeniaca
556 3272 657 3346 etiam
688 3272 860 3379 lingua
839 3248 971 3347 radices
1012 3258 1187 3379 monosyl-

178 3373 276 3448 labae
324 3390 429 3460 sunt‚·
462 3384 567 3475 atque
607 3391 745 3476 praeter
780 3404 854 3464 eas,
858 3364 1021 3479 quibus
1058 3398 1189 3497 prono·

179 3493 273 3566 mina
299 3507 474 3582 constant,
499 3489 657 3566 ceruales
683 3500 848 3594 quoque,
882 3491 934 3575 uti
966 3490 1107 3565 alteram
1134 3498 1188 3575 ra-

179 3608 295 3685 dicum
346 3627 479 3712 partem
532 3638 612 3685 cum
650 3602 889 3685 Grammaticis
935 3608 1079 3685 aliarum
1112 3600 1189 3680 lin·

178 3757 326 3831 guarum
360 3754 567 3829 nuncupare
600 3726 739 3830 placet„
769 3727 841 3803 sola
882 3726 994 3827 vocali
1029 3743 1187 3805 constare

180 3863 335 3948 possunt,
361 3844 465 3944 cujus
499 3846 551 3929 rei
575 3830 721 3931 unicum
745 3864 841 3925 certe
863 3846 1065 3951 exemplum
1083 3845 1190 3921 lrabe-

181 3964 317 4038 musio
350 3962 468 4037 radice
495 3969 535 4046 θ,
569 3963 666 4043 unde
696 3965 919 4057 verbumstL
942 3980 979 4041 et
1010 3963 1189 4039 nument

140 4070 142 4077 i
180 4080 376 4156 immediate
402 4080 468 4176 (sit
492 4072 593 4158 venia
621 4084 750 4180 verbo)
785 4081 1021 4177 descenduut3
1062 4076 1189 4154 deinde

936 4204 984 4276 12
