2892 4767
264 427 337 501 roa
624 374 626 378 Α
666 446 712 506 ne
732 375 855 506 ras.

264 632 343 680 mus
360 602 405 697 *).
456 600 526 678 Sed
565 602 633 675 hoc
665 601 798 703 ipsum,
830 620 942 702 quum
975 601 1023 676 nil
1055 602 1120 677 nisi
1151 600 1259 702 Adje-
1308 598 1314 608 ¹

264 720 394 797 ctivum
419 719 640 797 Pronominis
671 718 903 819 interrogativi
937 717 996 805 sit,
1029 750 1068 794 ex
1098 720 1259 797 Genitivo

265 835 422 937 ejusdem
453 841 510 930 'pin
544 837 713 939 originem
748 835 854 911 ducit.
905 836 1058 928 Deinde,
1091 836 1260 940 quoniam

263 956 299 1032 in
324 955 594 1031 Pronominibus
618 953 805 1029 demonstr.
831 986 893 1037 aa,
915 976 975 1044 μ,
996 959 1055 1040 Ὶιιι,
1079 956 1262 1033 Geuitivus

264 1106 355 1165 aarum,
374 1104 476 1164 wo,
497 1076 599 1164 lamo,
626 1089 744 1162 sonat,
769 1073 918 1148 sormam
940 1106 988 1165 μ’
1014 1103 1078 1178 pro
1104 1072 1260 1178 pleniore

263 1192 370 1291 hujus
401 1221 499 1288 casus
531 1192 642 1266 lorma
668 1191 798 1266 habere
823 1191 946 1294 aliquis
972 1210 1103 1295 posset,
1134 1209 1170 1267 et
1201 1221 1260 1267 su-

160 1304 162 1313 '
262 1328 367 1384 mere·
386 1326 520 1385 enatam
553 1328 633 1383 esse·
659 1338 699 1384 ex
726 1308 919 1413 persical).
972 1310 1043 1385 sed
1069 1310 1181 1385 forma
1206 1337 1259 1383 ar·

263 1428 419 1503 meniaca
456 1426 579 1529 procul
621 1424 729 1501 dubio
765 1427 942 1530 antiquior
980 1445 1045 1514 est,
1085 1444 1205 1530 atque
1221 1426 1257 1500 in

181 1567 185 1575 '
263 1545 534 1645 Pronomiuibus
566 1544 631 1619 illis
655 1543 752 1619 litera
776 1576 802 1611 m
828 1543 871 1619 ad
906 1545 1049 1649 stirpem
1074 1544 1258 1621 Pronomi-

262 1665 331 1753 nis,
356 1693 428 1739 non
454 1661 497 1737 ad
515 1662 747 1737 characterem
764 1663 913 1738 Genitivi
939 1663 1099 1764 pertinet.
1151 1662 1260 1764 Equi·

263 1782 357 1865 dem¹
377 1781 495 1885 potius
531 1788 672 1868 censeo,
712 1779 845 1856 literam
874 1779 1082 1880 prejusrlem
1116 1780 1258 1883 originis

262 1929 337 1976 esse
368 1917 473 2002 atque
506 1898 681 2003 persicum
708 1903 748 1996 l),
779 1928 821 1975 ac
851 1896 1076 2003 repetendam
1109 1928 1129 1973 e
1161 1898 1259 1974 litera

261 2017 413 2094 Genitivi
438 2016 709 2091 characteristica
734 2045 763 2104 s,
789 2047 879 2119 quae
901 2018 938 2091 in
956 2015 1258 2119 liuguatsansrrita

146 2174 156 2191 ,
259 2126 509 2238 reperitur**).

333 2255 498 2326 'Attamen
531 2250 618 2324 haec
651 2249 749 2324 litera
782 2250 949 2353 primum,
988 2268 1028 2326 ut
1066 2280 1255 2328 concursus

260 2368 526 2445 consonantium
553 2367 715 2456 evitetur,
738 2368 774 2442 in
800 2369 849 2444 iis·
867 2369 1094 2459 nominibus‚.
1115 2370 1150 2444 in
1177 2370 1254 2473 qui·

260 2488 327 2563 bus
355 2486 482 2592 syllaba
513 2485 670 2561 llexionis
702 2504 782 2561 ante
816 2487 972 2562 ultimam
1005 2506 1253 2564 consonantem

260 2606 438 2691 inseritur,
464 2622 569 2708 atque
596 2603 720 2680 deinde
748 2606 863 2681 etiam.
880 2606 916 2681 in
949 2605 1089 2709 reliquis
1120 2594 1255 2680 omitte·

260 2727 381 2817 batur,
412 2724 457 2797 ita
484 2740 523 2796 ut
550 2723 790 2799 tantummodo
823 2723 957 2800 vocales
989 2724 1144 2798 flexionis
1160 2723 1253 2798 auxi·

232 2892 233 2895 =
261 2843 361 2916 liares
377 2857 606 2914 remanerent.
657 2845 733 2915 Hae
758 2870 841 2917 vero
866 2842 902 2915 iu
929 2842 1030 2917 variis
1055 2842 1260 2917 nominibusr

213 2980 215 2985 “
260 2959 374 3035 variae
407 2984 481 3030 esse
507 2973 669 3058 possunt3
695 2976 801 3061 atque
825 2960 1024 3035 invenimus
1047 2960 1197 3063 quidem
1215 2961 1251 3034 in

260 3075 459 3153 nominibus
484 3075 518 3149 in
546 3109 578 3167 ι]-
593 3076 822 3178 praecedente
840 3078 903 3153 alia
927 3095 1137 3153 consonante
1163 3077 1252 3153 desi-

230 3196 231 3199 *
260 3193 423 3269 uentibus
455 3193 609 3268 vocalem
634 3199 673 3277 h,
704 3213 827 3299 utpote
852 3225 945 3284 eam,
976 3226 1067 3298 quae
1101 3199 1251 3273 schevati

228 3362 230 3375 ι
256 3347 285 3407 p
304 3312 458 3415 proxima
485 3328 545 3386 est.
572 3311 615 3385 cl:
638 3316 733 3404 welp-
747 3320 834 3391 Gen.
852 3317 970 3407 ¹⁰1¹le
1015 3316 1147 3394 Eadem
1165 3347 1253 3420 quo·

263 3461 333 3530 que
359 3430 394 3504 in
422 3428 593 3527 ejusmodi
619 3432 818 3508 nominibus
843 3434 1011 3536 imprimis
1035 3436 1252 3513 substantivis

259 3551 295 3623 in
324 3547 577 3639 pereuntibus
613 3548 729 3625 locum
768 3551 882 3628 habet.
921 3553 964 3627 cl.
998 3585 1121 3647 pomp
1161 3561 1252 3630 Gen.

256 3699 454 3712 μ...-

334 3761 367 3835 *)
388 3761 630 3835 Quemadmodum
649 3765 678 3824 in
697 3764 791 3846 lingua
810 3767 894 3828 sirica
913 3769 1124 3850 particularem
1143 3771 1251 3849 (trebi)

258 3869 315 3915 tam
336 3852 463 3914 Genitivi
487 3875 567 3932 quam
587 3857 768 3918 Pronominis
794 3859 903 3919 relativi
923 3873 991 3922 nota
1017 3877 1068 3925 est.
1094 3867 1131 3926 cf.
1155 3863 1248 3925 Abel-

258 3951 402 4021 l’temusat,
421 3944 551 4006 Elemens
569 3947 605 4007 de
624 3946 648 4006 la
668 3948 844 4011 Grammaire
863 3953 1006 4018 Chinoise.
1023 3979 1086 4039 pag.
1105 3961 1151 4020 79.
1171 3980 1212 4038 sq.

335 4038 386 4115 es)
406 4036 443 4099 cl.
461 4037 560 4147 Bopp,
580 4041 665 4117 verat.
685 4039 851 4108 &temnat
870 4046 902 4108 P.
923 4051 950 4110 l.
968 4072 997 4130 p.
1018 4052 1087 4135 217⁶
1102 4072 1166 4132 sut·
