2892 4767
487 473 491 480 ·
535 457 837 543 namnetum
1140 447 1190 526 lt

184 623 221 696 in
245 613 368 697 uitiata
390 616 580 710 constituto
605 618 856 698 commercium
881 618 1046 695 inierunt.
1097 620 1191 696 Hinc

182 757 218 814 et
246 737 369 837 ‚seriori
392 754 569 839 tempore,
594 736 735 830 saeculo
759 761 890 841 nempe
921 744 999 815 Xil.
1026 734 1190 842 alphabe*

182 876 261 932 tum
286 849 531 933 Anneniorum
567 853 654 929 duas
686 854 834 958 insuper
866 854 997 943 literas,
1029 858 1062 946 rb
1095 873 1130 932 et
1160 889 1190 939 ο,

150 1024 153 1029 -
185 974 325 1077 accepit.
377 972 447 1049 Sed
477 972 548 1072 jam
580 989 681 1048 antea
710 1002 732 1047 a
764 971 904 1050 saeculo
935 975 1009 1049 sere
1051 979 1098 1052 X.
1133 975 1191 1052 hic

177 1093 252 1178 ,illic
275 1093 310 1170 in
329 1090 526 1170 scribendis
552 1091 754 1167 nominibus
780 1093 922 1168 exoticis
947 1092 1105 1168 Armenii
1130 1122 1191 1169 va·

183 1213 269 1286 riam
300 1211 472 1299 rationem
504 1211 605 1313 sequi
636 1227 845 1314 coeperunt,
870 1208 907 1284 id
934 1209 1032 1312 quod
1059 1210 1190 1315 paulla-

182 1331 244 1408 tim
262 1330 309 1405 ita
326 1325 568 1416 invalescebat,
590 1345 631 1404 ut
654 1327 798 1403 taudem
814 1327 956 1430 scriptio
981 1346 1017 1404 et
1034 1351 1191 1434 pronun,

183 1449 284 1526 clario
316 1446 420 1551 plane
445 1448 696 1536 inverteretur3
730 1464 837 1548 atque
867 1445 954 1522 illud
986 1446 1095 1523 modo
1127 1448 1190 1524 ob·

182 1584 358 1642 servatum
385 1584 452 1654 est,
476 1583 517 1642 ut
541 1565 694 1652 nomina,
718 1594 810 1668 quae
834 1565 871 1640 in
897 1564 993 1640 libris
1018 1567 1192 1669 antiquio·

183 1691 280 1765 ribus
310 1702 646 1774 commemorantur,
676 1683 824 1768 eandem
856 1684 1062 1787 scripturam
1094 1683 1190 1787 apud

184 1808 369 1883 Armenios
393 1804 608 1878 recentiores
632 1801 844 1903 plerumque
868 1820 1042 1878 tueantur.
1057 1789 1111 1897 *i

143 1947 148 1950 “
187 1941 192 1951 ’
262 1927 343 1998 lam
381 1947 477 1996 vcro.
507 1919 593 1992 milri
623 1916 739 1994 literas
772 1936 1003 1993 consonantes
1035 1918 1192 1995 conside-

186 2040 275 2116 ranti
301 2067 320 2114 a
353 2036 556 2112 durioribus
588 2033 634 2110 ad
665 2033 818 2112 leniores
843 2065 885 2110 ac
910 2035 1088 2114 molliores
1113 2065 1194 2139 pro-

183 2156 382 2233 cedendum
412 2153 568 2241 videtur,
599 2169 709 2254 atque
738 2152 775 2227 iu
807 2153 960 2257 singulas
985 2154 1108 2230 classes
1134 2184 1192 2230 eas

183 2255 439 2352 distribuendas
469 2273 619 2348 arbitror
649 2299 693 2345 eo
727 2270 890 2360 consilio,
918 2290 958 2347 ut
985 2301 1076 2376 quae
1101 2273 1193 2350 inter

51 2453 55 2458 ,
112 2441 113 2448 1
185 2425 223 2471 sa
249 2411 424 2497 cognatae·
441 2390 605 2494 facilique
637 2389 887 2493 permutationi
906 2390 1192 2491 subjectaesunt

181 2541 262 2589 'uno
288 2527 479 2613 conspectu
504 2526 751 2613 proponantur
782 2524 817 2583 et
848 2508 1079 2611 inquirantur.
1129 2516 1192 2587 At»

175 2655 258 2735 “que
290 2631 463 2734 optimum
496 2644 585 2731 puto
617 2644 687 2701 tres
713 2624 837 2702 classes
862 2628 1042 2729 primarias
1068 2627 1194 2703 consti·
1266 2691 1272 2694 .

182 2750 251 2839 tui,
285 2767 320 2824 et
351 2748 395 2824 ab
427 2746 486 2835 iis,
525 2773 619 2848 quae
652 2773 717 2819 ore
759 2745 918 2820 exteriori
953 2746 1192 2848 proferuntur,

182 2866 230 2943 'ad
266 2867 418 2968 rellquas
440 2867 497 2941 -ita
532 2864 644 2967 pergi,
676 2880 719 2938 ut
750 2879 830 2966 post
863 2862 1003 2940 labiales
1037 2864 1191 2968 primum

182 2984 406 3086 lingualess.
424 2981 589 3068 dentales,
616 2979 744 3058 deinde
760 2982 966 3083 *gutturales
991 3012 1072 3057 cum
1098 2981 1216 3084 pala·⁸

169 3102 266 3180 ,tinis
292 3098 581 3202 contemplemur,
608 3097 828 3199 hisliquidas
853 3128 936 3175 oum
957 3098 1096 3176 duabus
1121 3129 1193 3175 res·

182 3217 435 3325 pendentibus·
464 3219 735 3321 subjungamus,
771 3215 1192 3323 denique-semivocales,

183 3367 268 3415 nere
292 3338 341 3414 ita
362 3335 490 3425 dietas,
503 3334 811 3414 consideremus..
847 3387 850 3396 ‹

179 3627 182 3636 ¹
261 3598 287 3673 *)
321 3595 397 3657 Tres
428 3573 567 3680 proprie
590 3593 865 3677 linguaevperiotln
898 3606 983 3677 atque
1014 3595 1081 3658 binc
1108 3594 1191 3660 etism

180 3687 427 3773 pronunciationis
460 3688 624 3754 netandae
649 3688 797 3766 videntur,
828 3710 946 3770 nouum
978 3689 1082 3771 prima,
1109 3709 1193 3771 quam

179 3804 220 3856 ‚ex
240 3782 333 3864 paucis
351 3782 436 3846 modo
454 3782 564 3858 indiciis
582 3784 789 3868 cognoscimus,
807 3805 893 3865 quum
912 3804 1012 3845 omnes
1030 3781 1096 3844 libri
1114 3784 1192 3864 prio-

184 3898 230 3939 res
249 3899 305 3938 sec.
325 3877 450 3957 Mesropi
469 3875 647 3962 alphabetum
666 3875 899 3954 describerentur,
917 3876 1044 3956 Mesropi
1063 3887 1193 3956 tempore

182 3955 294 4046 finiuit,
316 3969 403 4031 altera
413 3985 429 4031 a
440 3972 574 4051 Meropo
587 3987 675 4051 usque
686 3970 720 4032 ad
732 3969 872 4033 saecolum
881 3968 944 4032 iere
952 3969 1020 4031 XII.
1032 3967 1138 4050 pergit,
1148 3979 1193 4028 st·

183 4063 341 4145 nectutis,
357 4063 457 4125 abhoc
465 4063 577 4157 renuo
588 4077 674 4145 tuqus
688 4065 723 4127 ad
735 4075 974 4145 noatntempora·
980 4079 1043 4136 sese
1057 4057 1191 4121 orauit
