2892 4767
530 483 576 545 De
601 483 821 565 pronominibus.
1105 461 1176 534 167

37 662 38 691 t
134 626 326 713 derivata
340 634 554 729 formantur,
571 642 676 744 atque
699 641 744 716 ab
761 639 1028 738 interrogativis
1043 640 1176 712 Prono-

137 755 263 830 mi'na
284 757 477 858 irrdefim'ta
492 775 597 862 atque
613 744 806 834 relatarum
822 759 991 859 originem
1010 754 1151 832 ducunt.

241 877 279 972 ἓ.
324 880 357 950 1.
396 878 636 953 Pronomina
670 880 898 978 personalia.
963 875 1176 950 Pronomina

141 992 307 1095 primae
332 1010 367 1067 et
391 995 564 1072 secundae
589 1024 760 1099 personae
789 1022 870 1069 cum
895 992 1016 1069 iisdem
1043 1001 1177 1070 Prono-

142 1111 326 1187 minibus
376 1111 573 1217 linguarum
613 1111 1015 1216 indico-europaearum
1058 1109 1177 1186 multis

146 1228 286 1304 modis
319 1251 463 1334 cognata
497 1248 588 1307 sunt.
637 1238 754 1334 Atque
785 1239 985 1306 Pronomen
1030 1227 1174 1333 quidem

150 1349 306 1452 primae
332 1377 502 1451 personae
525 1350 561 1424 in
587 1353 692 1426 Nom.
718 1340 813 1453 Sing.
840 1355 881 1413 lm
913 1347 1071 1448 ejusdem
1106 1348 1175 1422 ori·

153 1467 277 1569 ginis,
303 1465 405 1565 cujus
430 1495 554 1542 sanscr.
579 1466 700 1542 ulrum
723 1468 780 1542 lat.
806 1494 872 1567 ego
897 1496 1008 1570 graec.
1036 1469 1108 1571 tyni,
1135 1468 1172 1561 *)

156 1583 452 1659 terminationem
478 1615 561 1677 am,
586 1615 627 1676 o,
652 1615 688 1670 ω,
720 1585 823 1689 plane
855 1601 895 1659 ut
925 1584 1079 1686 reliquae
1110 1582 1175 1658 tin-

160 1732 263 1805 guae
299 1731 493 1806 europaeae
525 1705 659 1806 abjecit.
694 1705 739 1780 cl.
771 1705 865 1807 goth.
898 1702 952 1793 it,
982 1701 1070 1779 litth.
1097 1731 1175 1789 asa,

164 1821 256 1897 slav.
284 1822 411 1916 az**).
462 1830 502 1897 ln
529 1823 663 1898 casibus
687 1822 837 1925 obliquis
869 1836 995 1896 earum*
1016 1822 1174 1896 omnium

167 1937 367 2039 analogiam
401 1968 551 2041 sequens
575 1940 707 2015 literam
734 1948 767 2006 Τ
778 1938 1081 2016 characteristicum
1114 1939 1175 2012 ha-

169 2054 243 2143 bet,
268 2085 374 2158 quam
399 2058 435 2132 in
462 2087 610 2133 numero
644 2058 806 2162 singulari
842 2055 967 2133 vocalis
989 2060 1011 2147 l'
1035 2083 1176 2158 praece-

169 2170 242 2264 dit,
273 2192 313 2250 ut
344 2173 438 2278 apud
465 2169 616 2254 Graecos
641 2207 656 2248 ε
681 2178 717 2253 in
750 2178 872 2253 formis
898 2189 986 2266 sono,
1008 2184 1090 2264 ἐμοι,
1111 2185 1173 2265 tus.

170 2297 228 2366 Inv
247 2293 409 2368 Genitivo
437 2299 491 2385 [nt'
511 2313 593 2372 nota
632 2322 730 2373 casus
769 2295 883 2385 deest,
920 2310 960 2369 ut
991 2292 1026 2367 in
1061 2292 1175 2368 forma

174 2436 298 2486 sanscr.
324 2421 393 2486 md.
444 2416 487 2488 In
513 2416 629 2490 Dativi
655 2415 766 2489 forma
788 2418 847 2507 lile&
873 2443 939 2515 pro
962 2416 1020 2503 Μὴ
1053 2412 1098 2513 cs.
1118 2440 1174 2486 su·

175 2551 237 2630 pra
262 2556 340 2630 pag.
366 2533 450 2604 107.
474 2539 506 2595 al·
519 2531 564 2604 ob
589 2561 739 2633 sequens
759 2565 782 2623 3
799 2534 834 2605 in
857 2531 1044 2617 ttransiit,
1065 2532 1174 2624 ***)p

175 2672 259 2717 vero
281 2673 347 2720 sec.
374 2674 451 2748 pag.
477 2650 536 2721 63.
555 2646 602 2720 ob
618 2647 752 2721 literam
779 2648 945 2751 liquidam
964 2647 1176 2749 praeceden-

173 2778 255 2851 tem,
269 2762 305 2836 in
324 2767 354 2827 3·
384 2765 577 2840 Accusativi
591 2765 749 2860 formala»
763 2767 834 2840 sive
846 2794 912 2869 pro
925 2772 966 2832 ltu
977 2766 1100 2870 scripta
1114 2780 1174 2854 e'st,

173 2896 214 2953 ut
230 2880 287 2953 hic
304 2910 402 2956 casus
420 2912 439 2956 a
455 2884 679 2959 Nominativo
705 2883 943 2988 distinguatur,
969 2886 1040 2959 sive
1058 2886 1173 2987 potius

174 3010 240 3098 pro
267 3004 342 3088 lali,
360 3001 435 3090 pto,
462 3000 569 3098 ejects
602 3001 699 3077 litera
720 3006 744 3066 ‘1¹
769 3032 833 3078 sec.
867 3032 943 3106 pag.
968 3008 1040 3092 59,
1067 3000 1173 3106 atque

174 3110 288 3190 additai
313 3116 349 3191 in
376 3118 447 3193 fine
479 3118 576 3194 litera
602 3153 635 3202 o,
670 3150 873 3224 quaecum
898 3121 1057 3196 Praelixo
1082 3154 1111 3214 q,
1128 3122 1172 3196 cl.

173 3261 251 3334 pag.
281 3238 363 3310 116.
390 3254 533 3339 cognata
559 3239 594 3312 in
622 3238 694 3313 aliis
720 3240 865 3315 vocibus
882 3239 1085 3315 Accusativo
1108 3268 1173 3315 nu-

174 3353 259 3425 meri
286 3351 427 3454 pluralis
459 3356 600 3457 propria
627 3374 692 3432 est.
744 3366 783 3433 ln
811 3357 957 3432 Ablativi
984 3374 1019 3431 et
1042 3366 1173 3432 Instru-

173 3470 329 3545 mentalis
362 3473 483 3546 formis
504 3476 593 3564 lillis,
615 3477 698 3566 pali,
725 3474 769 3550 de
796 3475 923 3579 quibus
949 3475 1174 3550 conserantur

173 3615 270 3690 pagg.
291 3593 363 3664 lou
381 3607 416 3665 ct
434 3595 517 3680 113,
540 3592 636 3666 litera
655 3601 687 3658 ιΓ
698 3592 817 3669 itidem
837 3623 903 3670 sec.
929 3620 1009 3695 pag.
1036 3596 1096 3668 56.
1120 3623 1170 3696 sq.

172 3705 207 3780 in
229 3708 252 3769 ‘¹¹
277 3725 407 3783 mutata
433 3726 493 3784 est.
517 3714 661 3785 'Exstat
691 3741 775 3788 vero
811 3711 875 3787 alia
899 3739 1043 3815 quoque
1067 3710 1172 3789 Abla-

246 3905 275 3980 ')
294 3904 331 3967 cl.
350 3928 432 3988 snpra
457 3930 521 3994 pag.
539 3911 588 3973 22.

248 3999 288 4069 “t
308 3996 382 4059 Vide
401 4003 492 4083 Bopp.
515 4003 601 4090 optut.
621 4001 786 4070 &summit
811 4003 841 4089 §-
859 4007 925 4069 326.
944 4027 972 4086 p.
992 4004 1058 4066 467.

248 4091 308 4165 m)
330 4090 368 4152 cf·
394 4112 455 4187 pag·
475 4097 522 4158 56.
627 4114 650 4123 ,,
696 4116 700 4123 ,
1129 4092 1161 4121 ¹..
