2892 4767
57 926 59 929 -
176 822 329 947 Nemo
363 872 535 970 prolecto
574 870 708 946 mirari
748 876 906 972 poterit,
959 874 1066 974 quod
1104 879 1190 950 Tuo

177 987 347 1077 Nomini,
364 988 433 1068 Vir
453 987 798 1081 Reverendissime,
814 1016 906 1090 prae
922 992 1077 1067 caeteris
1093 989 1192 1065 hanc

180 1105 364 1203 opellam,
395 1116 580 1204 tanquam
613 1106 786 1203 primum
819 1107 934 1189 studii
960 1109 1037 1183 mei
1068 1132 1193 1183 arme-

178 1221 272 1295 niaci
310 1221 505 1319 specimen
535 1217 754 1298 'inscribere
779 1224 979 1299 voluerim.
1031 1224 1191 1320 Cognita

178 1339 284 1414 enim
323 1351 380 1413 est
419 1336 606 1425 doctrina,
653 1340 803 1435 cognita
842 1340 1057 1415 humanitas
1099 1344 1196 1425 Tua,

139 1550 145 1560 ἱ
177 1477 414 1554 morumque
459 1467 498 1530 et
527 1454 644 1528 animi
676 1454 831 1531 candor.
883 1460 969 1531 Tuo
1001 1457 1075 1532 sub
1106 1480 1190 1530 mo-

177 1570 375 1646 deramine
400 1572 500 1667 viget
519 1569 720 1663 Academia
744 1573 1021 1648 Armeniorum
1042 1575 1191 1660 Crusca,

177 1700 215 1761 et
249 1689 289 1761 in
323 1686 402 1763 dies
434 1688 672 1763 incrementa
695 1689 802 1790 capit
855 1693 910 1763 Te
935 1690 1190 1788 prospiciente

177 1801 268 1876 novi
300 1824 455 1901 semper
479 1802 688 1877 'literarum
725 1805 985 1892 anneniarum
1023 1804 1190 1880 thesauri

177 1927 370 1991 eruuntur
402 1929 440 1991 et
465 1916 626 2009 castigati
651 1917 692 1987 in
725 1918 852 1991 lucem
873 1918 1080 2014 prodeunt.
1128 1924 1185 1992 Te

177 2043 333 2106 curante
349 2030 494 2131 ubique
510 2043 712 2119 terrarum,
730 2030 797 2106 nhl
810 2033 1029 2107 anaenium
1042 2053 1189 2107 nomen

176 2142 417 2228 etarmenia
440 2145 569 2243 lingna
596 2143 764 2236 auditur,
788 2147 861 2223 viri
886 2159 1188 2233 commorantur,

175 2276 253 2337 tam
273 2264 410 2363 pietate
435 2275 473 2339 et
497 2283 657 2337 morum
681 2264 895 2360 integritate
913 2286 1028 2365 quam
1051 2263 1188 2338 doctri-

175 2403 246 2455 nae
264 2379 375 2456 laude
400 2380 585 2476 insignes,
618 2381 684 2479 qui
716 2379 863 2455 scholas
898 2392 1111 2464 exstruunt,
1150 2393 1188 2456 et

175 2496 365 2596 populum
382 2496 549 2571 tenebris
575 2495 773 2596 hucusque
790 2497 976 2571 obrutum
993 2495 1187 2591 religionis

176 2627 213 2688 et
229 2613 472 2689 scientiarum
488 2612 635 2688 lumine
652 2611 885 2688 collustrant.
920 2616 977 2687 Te
994 2612 1187 2688 adnuente

174 2731 385 2828 peregrinis
402 2728 505 2804 haud
531 2728 657 2827 paucis
675 2727 778 2803 licuit
794 2728 965 2824 linguam
983 2732 1107 2803 Tuam
1124 2752 1186 2827 pa-

173 2846 287 2920 triam
317 2859 354 2922 et
385 2845 510 2921 literas
541 2847 582 2919 in
614 2845 750 2920 illustri
781 2849 953 2920 Tuornm
990 2857 1186 2948 conventu

173 2976 352 3060 tanquam
370 2959 479 3036 fonte
496 2961 761 3059 limpidissimo
779 2961 957 3038 ediscere.
997 2963 1184 3060 Expertus

173 3077 332 3178 loquor;
359 3101 448 3151 nam
466 3076 616 3151 etmihi
635 3089 714 3150 tam
731 3074 831 3152 felici
847 3100 929 3151 esse
952 3076 1117 3171 contigit,
1141 3087 1186 3148 ut

174 3196 335 3270 comiter
359 3217 400 3267 ac
423 3192 611 3270 benevole
637 3219 658 3268 a
682 3196 738 3269 Te
755 3193 925 3292 Tuisque
942 3205 1117 3291 exceptus
1141 3217 1186 3267 ex

175 3310 315 3387 eodem
338 3307 448 3385 fonte
472 3307 684 3397 haurirem,
716 3324 757 3385 et
781 3333 863 3384 non
888 3320 1039 3384 tantum
1063 3309 1184 3386 litera-

116 3450 118 3454 *
175 3449 266 3499 rum
297 3428 522 3502 Vestrarum
563 3426 782 3521 cognitione
821 3424 1009 3513 imbutus,
1041 3446 1182 3502 verum

177 3542 289 3616 etiam
315 3539 511 3626 doctrinae
543 3553 581 3617 et
611 3541 855 3616 humanitatis
878 3545 1033 3618 Vestrae
1064 3539 1184 3616 admi-

175 3658 321 3732 ratione
347 3655 506 3736 asfectus
532 3656 711 3735 redirem.
763 3660 896 3756 Itaque
912 3668 1070 3755 quantas
1086 3656 1181 3743 Tibi,

174 3774 243 3851 Vir
267 3797 423 3849 summe
446 3772 673 3854 Reverendo
701 3775 836 3871 gratias
858 3770 1031 3863 habeam,
1055 3770 1181 3849 dicere

175 3890 242 3969 vix*
258 3911 426 3989 possum.
688 3896 691 3902 ’
