<?xml version="1.0" encoding="UTF-8"?>
<!DOCTYPE html PUBLIC "-//W3C//DTD XHTML 1.0 Transitional//EN"
    "http://www.w3.org/TR/xhtml1/DTD/xhtml1-transitional.dtd">
<html xmlns="http://www.w3.org/1999/xhtml" xml:lang="en" lang="en">
 <head>
  <title>
</title>
<meta http-equiv="Content-Type" content="text/html;charset=utf-8" />
  <meta name='ocr-system' content='tesseract 3.04.00' />
  <meta name='ocr-capabilities' content='ocr_page ocr_carea ocr_par ocr_line ocrx_word'/>
</head>
<body>
  <div class='ocr_page' id='page_1' title='image "./grammaticalingu01petegoog_0010.png"; bbox 0 0 2892 4767; ppageno 0'>
   <div class='ocr_carea' id='block_1_1' title="bbox 255 656 1314 3883">
    <p class='ocr_par' dir='ltr' id='par_1_1' title="bbox 268 656 1277 2144">
     <span class='ocr_line' id='line_1_1' title="bbox 348 656 1275 754; baseline -0.003 -24"><span class='ocrx_word' id='word_1_1' title='bbox 348 661 394 730; x_wconf 85' lang='lat' dir='ltr'>At</span> <span class='ocrx_word' id='word_1_2' title='bbox 427 668 464 729; x_wconf 92' lang='lat' dir='ltr'>et</span> <span class='ocrx_word' id='word_1_3' title='bbox 497 656 631 741; x_wconf 79' lang='lat' dir='ltr'>Vobis,</span> <span class='ocrx_word' id='word_1_4' title='bbox 669 656 935 753; x_wconf 89' lang='lat' dir='ltr'>Praeceptores</span> <span class='ocrx_word' id='word_1_5' title='bbox 962 657 1069 728; x_wconf 91' lang='lat' dir='ltr'>omni</span> <span class='ocrx_word' id='word_1_6' title='bbox 1103 681 1176 754; x_wconf 89' lang='lat' dir='ltr'>qua</span> <span class='ocrx_word' id='word_1_7' title='bbox 1207 680 1275 754; x_wconf 94' lang='lat' dir='ltr'>par</span> 
     </span>
     <span class='ocr_line' id='line_1_2' title="bbox 272 767 1276 869; baseline -0.001 -23"><span class='ocrx_word' id='word_1_8' title='bbox 272 786 327 846; x_wconf 89' lang='lat' dir='ltr'>est</span> <span class='ocrx_word' id='word_1_9' title='bbox 359 771 570 852; x_wconf 87' lang='lat' dir='ltr'>reverentia</span> <span class='ocrx_word' id='word_1_10' title='bbox 596 767 765 857; x_wconf 88' lang='lat' dir='ltr'>colendi,</span> <span class='ocrx_word' id='word_1_11' title='bbox 796 771 871 869; x_wconf 86' lang='lat' dir='ltr'>qui.</span> <span class='ocrx_word' id='word_1_12' title='bbox 889 769 1104 868; x_wconf 84' lang='lat' dir='ltr'>quotidiana</span> <span class='ocrx_word' id='word_1_13' title='bbox 1131 772 1276 845; x_wconf 89' lang='lat' dir='ltr'>institu-</span> 
     </span>
     <span class='ocr_line' id='line_1_3' title="bbox 271 877 1276 972; baseline -0.002 -10"><span class='ocrx_word' id='word_1_14' title='bbox 271 890 375 962; x_wconf 91' lang='lat' dir='ltr'>tione</span> <span class='ocrx_word' id='word_1_15' title='bbox 401 911 465 961; x_wconf 95' lang='lat' dir='ltr'>me</span> <span class='ocrx_word' id='word_1_16' title='bbox 490 886 700 972; x_wconf 79' lang='lat' dir='ltr'>edocuistis,</span> <span class='ocrx_word' id='word_1_17' title='bbox 728 877 765 959; x_wconf 84' lang='lat' dir='ltr'>et</span> <span class='ocrx_word' id='word_1_18' title='bbox 790 884 970 968; x_wconf 85' lang='lat' dir='ltr'>interiora</span> <span class='ocrx_word' id='word_1_19' title='bbox 995 885 1194 962; x_wconf 89' lang='lat' dir='ltr'>literarum</span> <span class='ocrx_word' id='word_1_20' title='bbox 1219 912 1276 961; x_wconf 91' lang='lat' dir='ltr'>ar-</span> 
     </span>
     <span class='ocr_line' id='line_1_4' title="bbox 271 1001 1276 1097; baseline -0.002 -18"><span class='ocrx_word' id='word_1_21' title='bbox 271 1006 487 1079; x_wconf 89' lang='lat' dir='ltr'>meniarum</span> <span class='ocrx_word' id='word_1_22' title='bbox 505 1002 613 1097; x_wconf 88' lang='lat' dir='ltr'>adyta</span> <span class='ocrx_word' id='word_1_23' title='bbox 639 1001 997 1077; x_wconf 80' lang='lat' dir='ltr'><strong>benevolentissime</strong></span> <span class='ocrx_word' id='word_1_24' title='bbox 1028 1003 1124 1077; x_wconf 93' lang='lat' dir='ltr'>mihi</span> <span class='ocrx_word' id='word_1_25' title='bbox 1155 1002 1276 1078; x_wconf 91' lang='lat' dir='ltr'>reclu-</span> 
     </span>
     <span class='ocr_line' id='line_1_5' title="bbox 270 1118 1275 1231; baseline -0.003 -36"><span class='ocrx_word' id='word_1_26' title='bbox 270 1122 381 1207; x_wconf 85' lang='lat' dir='ltr'>sistis,</span> <span class='ocrx_word' id='word_1_27' title='bbox 423 1120 596 1194; x_wconf 89' lang='lat' dir='ltr'>animum</span> <span class='ocrx_word' id='word_1_28' title='bbox 636 1131 791 1216; x_wconf 79' lang='lat' dir='ltr'><strong>semper</strong></span> <span class='ocrx_word' id='word_1_29' title='bbox 830 1118 970 1194; x_wconf 77' lang='lat' dir='ltr'>fovebo</span> <span class='ocrx_word' id='word_1_30' title='bbox 1010 1119 1275 1231; x_wconf 83' lang='lat' dir='ltr'>gratissimum.</span> 
     </span>
     <span class='ocr_line' id='line_1_6' title="bbox 270 1235 1276 1333; baseline -0.002 -23"><span class='ocrx_word' id='word_1_31' title='bbox 270 1239 417 1330; x_wconf 79' lang='lat' dir='ltr'>Quanta</span> <span class='ocrx_word' id='word_1_32' title='bbox 444 1237 548 1309; x_wconf 94' lang='lat' dir='ltr'>enim</span> <span class='ocrx_word' id='word_1_33' title='bbox 575 1235 750 1333; x_wconf 78' lang='lat' dir='ltr'>patientia</span> <span class='ocrx_word' id='word_1_34' title='bbox 773 1255 893 1308; x_wconf 38' lang='lat' dir='ltr'>aures*</span> <span class='ocrx_word' id='word_1_35' title='bbox 906 1235 1155 1332; x_wconf 80' lang='lat' dir='ltr'>interroganti</span> <span class='ocrx_word' id='word_1_36' title='bbox 1179 1236 1276 1310; x_wconf 93' lang='lat' dir='ltr'>mibi</span> 
     </span>
     <span class='ocr_line' id='line_1_7' title="bbox 270 1350 1274 1452; baseline -0.001 -26"><span class='ocrx_word' id='word_1_37' title='bbox 270 1376 423 1452; x_wconf 82' lang='lat' dir='ltr'><strong>semper</strong></span> <span class='ocrx_word' id='word_1_38' title='bbox 449 1350 689 1451; x_wconf 80' lang='lat' dir='ltr'>praebuistis,</span> <span class='ocrx_word' id='word_1_39' title='bbox 722 1352 914 1447; x_wconf 80' lang='lat' dir='ltr'>ignoranti</span> <span class='ocrx_word' id='word_1_40' title='bbox 948 1365 986 1426; x_wconf 89' lang='lat' dir='ltr'>et</span> <span class='ocrx_word' id='word_1_41' title='bbox 1010 1351 1150 1426; x_wconf 87' lang='lat' dir='ltr'>err&#39;anti</span> <span class='ocrx_word' id='word_1_42' title='bbox 1175 1354 1274 1426; x_wconf 89' lang='lat' dir='ltr'>viam</span> 
     </span>
     <span class='ocr_line' id='line_1_8' title="bbox 269 1468 1276 1567; baseline -0.002 -24"><span class='ocrx_word' id='word_1_43' title='bbox 269 1469 536 1566; x_wconf 83' lang='lat' dir='ltr'>intelligentiae</span> <span class='ocrx_word' id='word_1_44' title='bbox 569 1493 610 1543; x_wconf 91' lang='lat' dir='ltr'>ac</span> <span class='ocrx_word' id='word_1_45' title='bbox 643 1468 806 1548; x_wconf 86' lang='lat' dir='ltr'>veritatis</span> <span class='ocrx_word' id='word_1_46' title='bbox 836 1469 1048 1567; x_wconf 87' lang='lat' dir='ltr'>aperuistis,</span> <span class='ocrx_word' id='word_1_47' title='bbox 1089 1468 1276 1543; x_wconf 84' lang='lat' dir='ltr'>dubitanti</span> 
     </span>
     <span class='ocr_line' id='line_1_9' title="bbox 269 1581 1276 1684; baseline -0.002 -24"><span class='ocrx_word' id='word_1_48' title='bbox 269 1586 384 1660; x_wconf 88' lang='lat' dir='ltr'>dubia</span> <span class='ocrx_word' id='word_1_49' title='bbox 408 1584 595 1660; x_wconf 85' lang='lat' dir='ltr'>benevole</span> <span class='ocrx_word' id='word_1_50' title='bbox 612 1581 833 1671; x_wconf 88' lang='lat' dir='ltr'>resolvistis,</span> <span class='ocrx_word' id='word_1_51' title='bbox 855 1586 1112 1684; x_wconf 90' lang='lat' dir='ltr'>animumque</span> <span class='ocrx_word' id='word_1_52' title='bbox 1138 1584 1191 1659; x_wconf 93' lang='lat' dir='ltr'>ob</span> <span class='ocrx_word' id='word_1_53' title='bbox 1216 1609 1276 1659; x_wconf 83' lang='lat' dir='ltr'>ra-</span> 
     </span>
     <span class='ocr_line' id='line_1_10' title="bbox 269 1698 1275 1800; baseline 0 -26"><span class='ocrx_word' id='word_1_54' title='bbox 269 1704 342 1776; x_wconf 89' lang='lat' dir='ltr'>rias</span> <span class='ocrx_word' id='word_1_55' title='bbox 375 1726 508 1776; x_wconf 89' lang='lat' dir='ltr'>rerum</span> <span class='ocrx_word' id='word_1_56' title='bbox 541 1698 814 1777; x_wconf 86' lang='lat' dir='ltr'>vicissitudines</span> <span class='ocrx_word' id='word_1_57' title='bbox 848 1701 1073 1800; x_wconf 89' lang='lat' dir='ltr'>depressum</span> <span class='ocrx_word' id='word_1_58' title='bbox 1106 1700 1275 1776; x_wconf 89' lang='lat' dir='ltr'>consola-</span> 
     </span>
     <span class='ocr_line' id='line_1_11' title="bbox 268 1804 1275 1921; baseline -0.003 -30"><span class='ocrx_word' id='word_1_59' title='bbox 268 1819 374 1892; x_wconf 89' lang='lat' dir='ltr'>tione</span> <span class='ocrx_word' id='word_1_60' title='bbox 405 1813 555 1892; x_wconf 86' lang='lat' dir='ltr'>amabili</span> <span class='ocrx_word' id='word_1_61' title='bbox 587 1818 786 1921; x_wconf 55' lang='lat' dir='ltr'>erexistisi·</span> <span class='ocrx_word' id='word_1_62' title='bbox 831 1818 886 1890; x_wconf 86' lang='lat' dir='ltr'>Ita</span> <span class='ocrx_word' id='word_1_63' title='bbox 918 1816 1015 1890; x_wconf 91' lang='lat' dir='ltr'>mibi</span> <span class='ocrx_word' id='word_1_64' title='bbox 1051 1804 1103 1890; x_wconf 64' lang='lat' dir='ltr'>et.</span> <span class='ocrx_word' id='word_1_65' title='bbox 1125 1838 1275 1913; x_wconf 90' lang='lat' dir='ltr'>praece-</span> 
     </span>
     <span class='ocr_line' id='line_1_12' title="bbox 268 1920 1277 2033; baseline -0.002 -25"><span class='ocrx_word' id='word_1_66' title='bbox 268 1949 398 2033; x_wconf 89' lang='lat' dir='ltr'>ptores</span> <span class='ocrx_word' id='word_1_67' title='bbox 415 1931 536 2006; x_wconf 86' lang='lat' dir='ltr'>fuistis</span> <span class='ocrx_word' id='word_1_68' title='bbox 555 1920 592 2005; x_wconf 85' lang='lat' dir='ltr'>et</span> <span class='ocrx_word' id='word_1_69' title='bbox 616 1932 726 2004; x_wconf 89' lang='lat' dir='ltr'>amici</span> <span class='ocrx_word' id='word_1_70' title='bbox 753 1933 942 2016; x_wconf 86' lang='lat' dir='ltr'>carissimi,</span> <span class='ocrx_word' id='word_1_71' title='bbox 969 1955 1135 2030; x_wconf 84' lang='lat' dir='ltr'>quorum</span> <span class='ocrx_word' id='word_1_72' title='bbox 1160 1932 1277 2006; x_wconf 90' lang='lat' dir='ltr'>bene·</span> 
     </span>
     <span class='ocr_line' id='line_1_13' title="bbox 268 2045 1248 2144; baseline -0.001 -22"><span class='ocrx_word' id='word_1_73' title='bbox 268 2048 455 2122; x_wconf 85' lang='lat' dir='ltr'>volentiae</span> <span class='ocrx_word' id='word_1_74' title='bbox 482 2058 519 2119; x_wconf 90' lang='lat' dir='ltr'>et</span> <span class='ocrx_word' id='word_1_75' title='bbox 543 2045 785 2140; x_wconf 90' lang='lat' dir='ltr'>benignitatis</span> <span class='ocrx_word' id='word_1_76' title='bbox 811 2068 1014 2144; x_wconf 84' lang='lat' dir='ltr'>nunquam</span> <span class='ocrx_word' id='word_1_77' title='bbox 1040 2046 1248 2121; x_wconf 88' lang='lat' dir='ltr'>obliviscar.</span> 
     </span>
    </p>

    <p class='ocr_par' dir='ltr' id='par_1_2' title="bbox 255 2161 1314 3883">
     <span class='ocr_line' id='line_1_14' title="bbox 344 2161 1294 2260; baseline 0.001 -25"><span class='ocrx_word' id='word_1_78' title='bbox 344 2164 476 2255; x_wconf 84' lang='lat' dir='ltr'>Quum</span> <span class='ocrx_word' id='word_1_79' title='bbox 498 2161 613 2257; x_wconf 89' lang='lat' dir='ltr'>igitur</span> <span class='ocrx_word' id='word_1_80' title='bbox 629 2164 719 2245; x_wconf 91' lang='lat' dir='ltr'>Vos,</span> <span class='ocrx_word' id='word_1_81' title='bbox 745 2161 826 2237; x_wconf 89' lang='lat' dir='ltr'>Viri</span> <span class='ocrx_word' id='word_1_82' title='bbox 848 2183 1097 2260; x_wconf 89' lang='lat' dir='ltr'>summopere</span> <span class='ocrx_word' id='word_1_83' title='bbox 1115 2162 1294 2249; x_wconf 66' lang='lat' dir='ltr'>colendi,</span> 
     </span>
     <span class='ocr_line' id='line_1_15' title="bbox 269 2276 1275 2376; baseline 0.001 -23"><span class='ocrx_word' id='word_1_84' title='bbox 269 2278 320 2354; x_wconf 91' lang='lat' dir='ltr'>ob</span> <span class='ocrx_word' id='word_1_85' title='bbox 344 2280 504 2375; x_wconf 67' lang='lat' dir='ltr'>vvirtutes</span> <span class='ocrx_word' id='word_1_86' title='bbox 522 2276 648 2349; x_wconf 91' lang='lat' dir='ltr'>omnis</span> <span class='ocrx_word' id='word_1_87' title='bbox 666 2276 817 2372; x_wconf 89' lang='lat' dir='ltr'>generis</span> <span class='ocrx_word' id='word_1_88' title='bbox 840 2277 995 2351; x_wconf 85' lang='lat' dir='ltr'>maximi</span> <span class='ocrx_word' id='word_1_89' title='bbox 1019 2277 1168 2368; x_wconf 82' lang='lat' dir='ltr'>faciam,</span> <span class='ocrx_word' id='word_1_90' title='bbox 1192 2303 1275 2376; x_wconf 89' lang='lat' dir='ltr'>gra·</span> 
     </span>
     <span class='ocr_line' id='line_1_16' title="bbox 268 2393 1276 2496; baseline 0.003 -28"><span class='ocrx_word' id='word_1_91' title='bbox 268 2408 385 2494; x_wconf 90' lang='lat' dir='ltr'>toque</span> <span class='ocrx_word' id='word_1_92' title='bbox 412 2393 541 2466; x_wconf 91' lang='lat' dir='ltr'>animo</span> <span class='ocrx_word' id='word_1_93' title='bbox 558 2397 647 2470; x_wconf 82' lang='lat' dir='ltr'>Vos</span> <span class='ocrx_word' id='word_1_94' title='bbox 661 2415 824 2466; x_wconf 87' lang='lat' dir='ltr'>venerer</span> <span class='ocrx_word' id='word_1_95' title='bbox 850 2405 886 2466; x_wconf 91' lang='lat' dir='ltr'>et</span> <span class='ocrx_word' id='word_1_96' title='bbox 912 2417 1056 2469; x_wconf 87' lang='lat' dir='ltr'>amem:</span> <span class='ocrx_word' id='word_1_97' title='bbox 1083 2394 1158 2471; x_wconf 91' lang='lat' dir='ltr'>boc</span> <span class='ocrx_word' id='word_1_98' title='bbox 1185 2422 1276 2496; x_wconf 90' lang='lat' dir='ltr'>qua-</span> 
     </span>
     <span class='ocr_line' id='line_1_17' title="bbox 267 2508 1275 2610; baseline 0.003 -26"><span class='ocrx_word' id='word_1_99' title='bbox 267 2510 458 2610; x_wconf 90' lang='lat' dir='ltr'>lecunque</span> <span class='ocrx_word' id='word_1_100' title='bbox 497 2508 725 2609; x_wconf 89' lang='lat' dir='ltr'>opusculum</span> <span class='ocrx_word' id='word_1_101' title='bbox 772 2522 954 2607; x_wconf 85' lang='lat' dir='ltr'>tanquam</span> <span class='ocrx_word' id='word_1_102' title='bbox 995 2511 1073 2585; x_wconf 90' lang='lat' dir='ltr'>mei</span> <span class='ocrx_word' id='word_1_103' title='bbox 1123 2513 1164 2586; x_wconf 93' lang='lat' dir='ltr'>in</span> <span class='ocrx_word' id='word_1_104' title='bbox 1195 2518 1275 2593; x_wconf 90' lang='lat' dir='ltr'>Vos</span> 
     </span>
     <span class='ocr_line' id='line_1_18' title="bbox 268 2623 1274 2725; baseline 0.002 -23"><span class='ocrx_word' id='word_1_105' title='bbox 268 2627 385 2702; x_wconf 89' lang='lat' dir='ltr'>animi</span> <span class='ocrx_word' id='word_1_106' title='bbox 404 2625 667 2701; x_wconf 88' lang='lat' dir='ltr'>testimonium</span> <span class='ocrx_word' id='word_1_107' title='bbox 691 2623 889 2722; x_wconf 87' lang='lat' dir='ltr'>publicum</span> <span class='ocrx_word' id='word_1_108' title='bbox 908 2627 1075 2725; x_wconf 91' lang='lat' dir='ltr'>prodere</span> <span class='ocrx_word' id='word_1_109' title='bbox 1093 2628 1206 2715; x_wconf 86' lang='lat' dir='ltr'>volui,</span> <span class='ocrx_word' id='word_1_110' title='bbox 1233 2654 1274 2704; x_wconf 88' lang='lat' dir='ltr'>ac</span> 
     </span>
     <span class='ocr_line' id='line_1_19' title="bbox 267 2739 1276 2840; baseline 0.002 -24"><span class='ocrx_word' id='word_1_111' title='bbox 267 2767 365 2839; x_wconf 91' lang='lat' dir='ltr'>rogo</span> <span class='ocrx_word' id='word_1_112' title='bbox 391 2748 471 2818; x_wconf 85' lang='lat' dir='ltr'>Vos</span> <span class='ocrx_word' id='word_1_113' title='bbox 497 2754 612 2840; x_wconf 87' lang='lat' dir='ltr'>atque</span> <span class='ocrx_word' id='word_1_114' title='bbox 635 2739 812 2827; x_wconf 91' lang='lat' dir='ltr'>obsecr0,</span> <span class='ocrx_word' id='word_1_115' title='bbox 839 2754 885 2815; x_wconf 89' lang='lat' dir='ltr'>ut</span> <span class='ocrx_word' id='word_1_116' title='bbox 907 2765 1045 2816; x_wconf 91' lang='lat' dir='ltr'>sereno</span> <span class='ocrx_word' id='word_1_117' title='bbox 1068 2743 1177 2817; x_wconf 76' lang='lat' dir='ltr'>vultu</span> <span class='ocrx_word' id='word_1_118' title='bbox 1200 2744 1276 2819; x_wconf 90' lang='lat' dir='ltr'>boc</span> 
     </span>
     <span class='ocr_line' id='line_1_20' title="bbox 267 2857 1275 2955; baseline 0.002 -22"><span class='ocrx_word' id='word_1_119' title='bbox 267 2857 542 2933; x_wconf 89' lang='lat' dir='ltr'>munusculum</span> <span class='ocrx_word' id='word_1_120' title='bbox 561 2857 752 2955; x_wconf 84' lang='lat' dir='ltr'>accipiatis,</span> <span class='ocrx_word' id='word_1_121' title='bbox 776 2883 817 2931; x_wconf 90' lang='lat' dir='ltr'>ac</span> <span class='ocrx_word' id='word_1_122' title='bbox 833 2858 1022 2933; x_wconf 90' lang='lat' dir='ltr'>benevole</span> <span class='ocrx_word' id='word_1_123' title='bbox 1041 2873 1161 2934; x_wconf 88' lang='lat' dir='ltr'>errata</span> <span class='ocrx_word' id='word_1_124' title='bbox 1177 2861 1275 2935; x_wconf 92' lang='lat' dir='ltr'>mibi</span> 
     </span>
     <span class='ocr_line' id='line_1_21' title="bbox 268 2963 1274 3074; baseline 0.001 -26"><span class='ocrx_word' id='word_1_125' title='bbox 268 2963 502 3071; x_wconf 85' lang='lat' dir='ltr'>indulgeatis.</span> <span class='ocrx_word' id='word_1_126' title='bbox 554 2978 681 3048; x_wconf 90' lang='lat' dir='ltr'>Deum</span> <span class='ocrx_word' id='word_1_127' title='bbox 701 2996 796 3049; x_wconf 85' lang='lat' dir='ltr'>vero</span> <span class='ocrx_word' id='word_1_128' title='bbox 815 2976 860 3049; x_wconf 94' lang='grc' dir='ltr'>Ο.</span> <span class='ocrx_word' id='word_1_129' title='bbox 879 2979 929 3050; x_wconf 92' lang='grc' dir='ltr'>Μ.</span> <span class='ocrx_word' id='word_1_130' title='bbox 948 2999 1096 3074; x_wconf 86' lang='lat' dir='ltr'>precor,</span> <span class='ocrx_word' id='word_1_131' title='bbox 1119 2990 1162 3049; x_wconf 88' lang='lat' dir='ltr'>ut</span> <span class='ocrx_word' id='word_1_132' title='bbox 1179 2978 1274 3063; x_wconf 90' lang='lat' dir='ltr'>Tibi,</span> 
     </span>
     <span class='ocr_line' id='line_1_22' title="bbox 255 3088 1314 3182; baseline -0.001 -14"><span class='ocrx_word' id='word_1_133' title='bbox 255 3093 337 3168; x_wconf 74' lang='lat' dir='ltr'>‚Vir</span> <span class='ocrx_word' id='word_1_134' title='bbox 361 3116 514 3168; x_wconf 87' lang='lat' dir='ltr'>summe</span> <span class='ocrx_word' id='word_1_135' title='bbox 540 3089 776 3178; x_wconf 87' lang='lat' dir='ltr'>Reverende,</span> <span class='ocrx_word' id='word_1_136' title='bbox 802 3088 958 3182; x_wconf 88' lang='lat' dir='ltr'>firmam</span> <span class='ocrx_word' id='word_1_137' title='bbox 984 3093 1152 3166; x_wconf 88' lang='lat' dir='ltr'>restituat</span> <span class='ocrx_word' id='word_1_138' title='bbox 1177 3094 1274 3167; x_wconf 89' lang='lat' dir='ltr'>vale·</span> <span class='ocrx_word' id='word_1_139' title='bbox 1310 3115 1314 3120; x_wconf 87' lang='lat'>·</span> 
     </span>
     <span class='ocr_line' id='line_1_23' title="bbox 267 3206 1272 3306; baseline 0.006 -29"><span class='ocrx_word' id='word_1_140' title='bbox 267 3206 453 3293; x_wconf 90' lang='lat' dir='ltr'>tudinem,</span> <span class='ocrx_word' id='word_1_141' title='bbox 471 3211 604 3305; x_wconf 88' lang='lat' dir='ltr'>Teque</span> <span class='ocrx_word' id='word_1_142' title='bbox 621 3219 660 3279; x_wconf 93' lang='lat' dir='ltr'>et</span> <span class='ocrx_word' id='word_1_143' title='bbox 675 3209 765 3292; x_wconf 90' lang='lat' dir='ltr'>Vos,</span> <span class='ocrx_word' id='word_1_144' title='bbox 788 3208 1055 3306; x_wconf 89' lang='lat' dir='ltr'>Praeceptores</span> <span class='ocrx_word' id='word_1_145' title='bbox 1073 3210 1272 3294; x_wconf 87' lang='lat' dir='ltr'>Carissimi,</span> 
     </span>
     <span class='ocr_line' id='line_1_24' title="bbox 267 3323 1273 3420; baseline 0.007 -27"><span class='ocrx_word' id='word_1_146' title='bbox 267 3334 470 3420; x_wconf 86' lang='lat' dir='ltr'>totumque</span> <span class='ocrx_word' id='word_1_147' title='bbox 496 3331 731 3395; x_wconf 82' lang='lat' dir='ltr'>conventum</span> <span class='ocrx_word' id='word_1_148' title='bbox 748 3326 930 3400; x_wconf 86' lang='lat' dir='ltr'>Vestrum</span> <span class='ocrx_word' id='word_1_149' title='bbox 952 3323 1064 3399; x_wconf 89' lang='lat' dir='ltr'>bonis</span> <span class='ocrx_word' id='word_1_150' title='bbox 1090 3327 1273 3400; x_wconf 90' lang='lat' dir='ltr'>omnibus</span> 
     </span>
     <span class='ocr_line' id='line_1_25' title="bbox 268 3437 1272 3538; baseline 0.008 -30"><span class='ocrx_word' id='word_1_151' title='bbox 268 3437 455 3522; x_wconf 90' lang='lat' dir='ltr'>cumulet,</span> <span class='ocrx_word' id='word_1_152' title='bbox 487 3460 698 3536; x_wconf 88' lang='lat' dir='ltr'>operaque,</span> <span class='ocrx_word' id='word_1_153' title='bbox 725 3461 821 3536; x_wconf 91' lang='lat' dir='ltr'>quae</span> <span class='ocrx_word' id='word_1_154' title='bbox 845 3440 1047 3538; x_wconf 89' lang='lat' dir='ltr'>suscipitis,</span> <span class='ocrx_word' id='word_1_155' title='bbox 1078 3443 1208 3517; x_wconf 90' lang='lat' dir='ltr'>omnia</span> <span class='ocrx_word' id='word_1_156' title='bbox 1231 3445 1272 3516; x_wconf 91' lang='lat' dir='ltr'>in</span> 
     </span>
     <span class='ocr_line' id='line_1_26' title="bbox 267 3551 1272 3649; baseline 0.009 -26"><span class='ocrx_word' id='word_1_157' title='bbox 267 3551 398 3649; x_wconf 91' lang='lat' dir='ltr'>populi</span> <span class='ocrx_word' id='word_1_158' title='bbox 424 3554 549 3628; x_wconf 89' lang='lat' dir='ltr'>Vestri</span> <span class='ocrx_word' id='word_1_159' title='bbox 575 3577 615 3628; x_wconf 89' lang='lat' dir='ltr'>ac</span> <span class='ocrx_word' id='word_1_160' title='bbox 641 3553 754 3627; x_wconf 92' lang='lat' dir='ltr'>totius</span> <span class='ocrx_word' id='word_1_161' title='bbox 786 3554 893 3629; x_wconf 88' lang='lat' dir='ltr'>orbis</span> <span class='ocrx_word' id='word_1_162' title='bbox 918 3555 1071 3632; x_wconf 89' lang='lat' dir='ltr'>literarii</span> <span class='ocrx_word' id='word_1_163' title='bbox 1104 3557 1272 3632; x_wconf 80' lang='lat' dir='ltr'>fructum</span> 
     </span>
     <span class='ocr_line' id='line_1_27' title="bbox 267 3659 1272 3773; baseline 0.011 -35"><span class='ocrx_word' id='word_1_164' title='bbox 267 3679 305 3739; x_wconf 91' lang='lat' dir='ltr'>et</span> <span class='ocrx_word' id='word_1_165' title='bbox 330 3666 527 3742; x_wconf 87' lang='lat' dir='ltr'>utilitatem</span> <span class='ocrx_word' id='word_1_166' title='bbox 553 3670 745 3744; x_wconf 83' lang='lat' dir='ltr'>secundet.</span> <span class='ocrx_word' id='word_1_167' title='bbox 796 3670 941 3759; x_wconf 88' lang='lat' dir='ltr'>Valete,</span> <span class='ocrx_word' id='word_1_168' title='bbox 966 3659 1107 3773; x_wconf 91' lang='lat' dir='ltr'>meque</span> <span class='ocrx_word' id='word_1_169' title='bbox 1140 3700 1272 3749; x_wconf 90' lang='lat' dir='ltr'>amore</span> 
     </span>
     <span class='ocr_line' id='line_1_28' title="bbox 267 3779 953 3883; baseline 0.013 -30"><span class='ocrx_word' id='word_1_170' title='bbox 267 3784 461 3881; x_wconf 88' lang='lat' dir='ltr'>reciproco</span> <span class='ocrx_word' id='word_1_171' title='bbox 488 3779 620 3858; x_wconf 82' lang='lat' dir='ltr'>fovere</span> <span class='ocrx_word' id='word_1_172' title='bbox 650 3808 770 3883; x_wconf 90' lang='lat' dir='ltr'>porro</span> <span class='ocrx_word' id='word_1_173' title='bbox 798 3788 953 3883; x_wconf 89' lang='lat' dir='ltr'>pergite.</span> 
     </span>
    </p>
   </div>
   <div class='ocr_carea' id='block_1_2' title="bbox 260 3911 1140 4006">
    <p class='ocr_par' dir='ltr' id='par_1_3' title="bbox 260 3911 1140 4006">
     <span class='ocr_line' id='line_1_29' title="bbox 260 3911 1140 4006; baseline 0.007 -23"><span class='ocrx_word' id='word_1_174' title='bbox 260 3913 264 3916; x_wconf 80' lang='grc'>’</span> <span class='ocrx_word' id='word_1_175' title='bbox 336 3928 490 3984; x_wconf 67' lang='lat' dir='ltr'>senseram</span> <span class='ocrx_word' id='word_1_176' title='bbox 510 3927 640 4006; x_wconf 65' lang='lat' dir='ltr'>opum,</span> <span class='ocrx_word' id='word_1_177' title='bbox 663 3931 689 3985; x_wconf 84' lang='lat' dir='ltr'>a</span> <span class='ocrx_word' id='word_1_178' title='bbox 709 3930 757 3987; x_wconf 89' lang='lat' dir='ltr'>nr.</span> <span class='ocrx_word' id='word_1_179' title='bbox 776 3928 848 3987; x_wconf 65' lang='lat' dir='ltr'>uari.</span> <span class='ocrx_word' id='word_1_180' title='bbox 866 3911 1140 3994; x_wconf 82' lang='lat' dir='ltr'>uncccxxxvu.</span> 
     </span>
    </p>
   </div>
   <div class='ocr_carea' id='block_1_3' title="bbox 0 0 1450 4767">
    <p class='ocr_par' dir='ltr' id='par_1_4' title="bbox 0 0 1450 4767">
     <span class='ocr_line' id='line_1_30' title="bbox 0 0 1450 4767; baseline 0 1"><span class='ocrx_word' id='word_1_181' title='bbox 0 0 1450 4767; x_wconf 95' lang='lat' dir='ltr'> </span> 
     </span>
    </p>
   </div>
  </div>
 </body>
</html>
